<record><leader>00000cas a22000007a 4500</leader><controlfield tag="001">19623091</controlfield><controlfield tag="008">890429d188u1889aluwr ne      0    0eng d</controlfield><datafield ind1=" " ind2=" " tag="010"><subfield code="a">sn 89050027 </subfield></datafield><datafield ind1=" " ind2=" " tag="040"><subfield code="a">AAR</subfield><subfield code="b">eng</subfield><subfield code="c">AAR</subfield><subfield code="d">CPN</subfield><subfield code="d">OCLCQ</subfield></datafield><datafield ind1=" " ind2=" " tag="042"><subfield code="a">msc</subfield></datafield><datafield ind1="0" ind2=" " tag="130"><subfield code="a">Weekly herald (Birmingham, Ala.)</subfield></datafield><datafield ind1="1" ind2="4" tag="245"><subfield code="a">The Weekly herald.</subfield></datafield><datafield ind1="1" ind2="7" tag="246"><subfield code="a">Weekly age-herald</subfield></datafield><datafield ind1=" " ind2=" " tag="260"><subfield code="a">Birmingham, Ala. :</subfield><subfield code="b">Age-Herald Co.</subfield></datafield><datafield ind1=" " ind2=" " tag="300"><subfield code="a">v.</subfield></datafield><datafield ind1=" " ind2=" " tag="310"><subfield code="a">Weekly</subfield></datafield><datafield ind1="0" ind2=" " tag="362"><subfield code="a">-v. 2, no. 7 (Feb. 3, 1889).</subfield></datafield><datafield ind1=" " ind2=" " tag="515"><subfield code="a">Numbering is irregular.</subfield></datafield><datafield ind1=" " ind2=" " tag="588"><subfield code="a">Description based on: Vol. 1, no. 52 (Jan. 2, 1889).</subfield></datafield><datafield ind1=" " ind2=" " tag="752"><subfield code="a">United States</subfield><subfield code="b">Alabama</subfield><subfield code="c">Jefferson</subfield><subfield code="d">Birmingham.</subfield></datafield><datafield ind1="0" ind2=" " tag="775"><subfield code="t">Daily herald (Birmingham, Ala.)</subfield><subfield code="w">(DLC)sn 87050201</subfield></datafield><datafield ind1="0" ind2="7" tag="785"><subfield code="t">Weekly iron age</subfield><subfield code="w">(DLC)sn 85044942</subfield></datafield><datafield ind1="0" ind2="7" tag="785"><subfield code="t">Weekly age-herald</subfield><subfield code="w">(DLC)sn 89050028</subfield></datafield><datafield ind1="1" ind2=" " tag="029"><subfield code="a">AU@</subfield><subfield code="b">000025897520</subfield></datafield></record>